%%% ====================================================================
%%%  BibTeX-file{
%%%     author          = "David Rhead",
%%%     version         = "1.00",
%%%     date            = "17 Feb 1990",
%%%     time            = "17:00 GMT",
%%%     filename        = "test.bib",
%%%     address         = "Cripps Computing Centre,
%%%                        University of Nottingham,
%%%                        University Park,
%%%                        Nottingham,
%%%                        NG7 2RD,
%%%                        United Kingdom",
%%%     telephone       = "+44 602 484848 Ext 2670",
%%%     FAX             = "+44 602 588138",
%%%     checksum        = "05151 839 2908 25082",
%%%     email           = "David_Rhead at uk.ac.nott.vme (JANET)",
%%%     codetable       = "ISO/ASCII",
%%%     keywords        = "bibliography, citation, references",
%%%     supported       = "no",
%%%     docstring       = "This BibTeX database file contains entries
%%%                        designed for testing whether a BibTeX style
%%%                        file lays references out as recommended by
%%%                        certain authorities.  (Note, however, that
%%%                        the BS 1629 examples are from the 1976
%%%                        edition.  The file needs updating to use
%%%                        examples from the 1989 edition instead.)
%%%
%%%                        The checksum field above contains a CRC-16
%%%                        checksum as the first value, followed by the
%%%                        equivalent of the standard UNIX wc (word
%%%                        count) utility output of lines, words, and
%%%                        characters.  This is produced by Robert
%%%                        Solovay's checksum utility.",
%%%  }
%%% ====================================================================


%% @COMMENT{Some standard works describing conventions for citations
%%      and bibliographies}

@article{beltagy2014probabilistic,
  title={Probabilistic Soft Logic for Semantic Textual Similarity},
  author={Beltagy, I. and Erk, Katrin and Mooney, Raymond},
  journal={Proceedings of Association for Computational Linguistics (ACL-14)},
  year={2014}
}

@inproceedings{Saric2012TakeLabSF,
  title={TakeLab: Systems for Measuring Semantic Text Similarity},
  author={Frane Saric and Goran Glavas and Mladen Karan and Jan Snajder and Bojana Dalbelo Basic},
  booktitle={SemEval@NAACL-HLT},
  year={2012}
}

@inproceedings{agirre2012semeval,
  title={Semeval-2012 task 6: A pilot on semantic textual similarity},
  author={Agirre, Eneko and Diab, Mona and Cer, Daniel and Gonzalez-Agirre, Aitor},
  booktitle={Proceedings of the First Joint Conference on Lexical and Computational Semantics-Volume 1: Proceedings of the main conference and the shared task, and Volume 2: Proceedings of the Sixth International Workshop on Semantic Evaluation},
  pages={385--393},
  year={2012},
  organization={Association for Computational Linguistics}
}

@inproceedings{bar2012ukp,
  title={Ukp: Computing semantic textual similarity by combining multiple content similarity measures},
  author={B{\"a}r, Daniel and Biemann, Chris and Gurevych, Iryna and Zesch, Torsten},
  booktitle={Proceedings of the First Joint Conference on Lexical and Computational Semantics-Volume 1: Proceedings of the main conference and the shared task, and Volume 2: Proceedings of the Sixth International Workshop on Semantic Evaluation},
  pages={435--440},
  year={2012},
  organization={Association for Computational Linguistics}
}

@inproceedings{gabrilovich2007computing,
  title={Computing semantic relatedness using wikipedia-based explicit semantic analysis.},
  author={Gabrilovich, Evgeniy and Markovitch, Shaul},
  booktitle={IJcAI},
  volume={7},
  pages={1606--1611},
  year={2007}
}

@inproceedings{han2013umbc,
  title={UMBC EBIQUITY-CORE: Semantic textual similarity systems},
  author={Han, Lushan and Kashyap, Abhay and Finin, Tim and Mayfield, James and Weese, Jonathan},
  booktitle={Proceedings of the Second Joint Conference on Lexical and Computational Semantics},
  volume={1},
  pages={44--52},
  year={2013}
}

@article{deerwester1990indexing,
  title={Indexing by latent semantic analysis},
  author={Deerwester, Scott and Dumais, Susan T and Furnas, George W and Landauer, Thomas K and Harshman, Richard},
  journal={Journal of the American society for information science},
  volume={41},
  number={6},
  pages={391},
  year={1990},
  publisher={American Documentation Institute}
}

@inproceedings{sultan2014dls,
  title={Dls cu: Sentence similarity from word alignment},
  author={Sultan, Md Arafat and Bethard, Steven and Sumner, Tamara},
  booktitle={Proceedings of the 8th International Workshop on Semantic Evaluation (SemEval 2014)},
  pages={241--246},
  year={2014}
}

@inproceedings{sultan2015dls,
  title={Dls cu: Sentence similarity from word alignment and semantic vector composition},
  author={Sultan, Md Arafat and Bethard, Steven and Sumner, Tamara},
  booktitle={Proceedings of the 9th International Workshop on Semantic Evaluation},
  pages={148--153},
  year={2015}
}
@article{agirre2016semeval,
  title={Semeval-2016 task 1: Semantic textual similarity, monolingual and cross-lingual evaluation},
  author={Agirre, Eneko and Banea, Carmen and Cer, Daniel and Diab, Mona and Gonzalez-Agirre, Aitor and Mihalcea, Rada and Rigau, German and Wiebe, Janyce},
  journal={Proceedings of SemEval},
  pages={497--511},
  year={2016}
}

@inproceedings{bergstra2013hyperopt,
  title={Hyperopt: A python library for optimizing the hyperparameters of machine learning algorithms},
  author={Bergstra, James and Yamins, Dan and Cox, David D},
  booktitle={Proceedings of the 12th Python in Science Conference},
  pages={13--20},
  year={2013}
}

@article{joulin2016fasttext,
  title={FastText.zip: Compressing text classification models},
  author={Joulin, Armand and Grave, Edouard and Bojanowski, Piotr and Douze, Matthijs and J{\'e}gou, H{\'e}rve and Mikolov, Tomas},
  journal={arXiv preprint arXiv:1612.03651},
  year={2016}
}
@article{LSTM,
 author = {Hochreiter, Sepp and Schmidhuber, J\"{u}rgen},
 title = {Long Short-Term Memory},
 journal = {Neural Comput.},
 issue_date = {November 15, 1997},
 volume = {9},
 number = {8},
 month = nov,
 year = {1997},
 issn = {0899-7667},
 pages = {1735--1780},
 numpages = {46},
 url = {http://dx.doi.org/10.1162/neco.1997.9.8.1735},
 doi = {10.1162/neco.1997.9.8.1735},
 acmid = {1246450},
 publisher = {MIT Press},
 address = {Cambridge, MA, USA},
}

